@inproceedings{krizhevsky2012imagenet,
  title={Imagenet classification with deep convolutional neural networks},
  author={Krizhevsky, Alex and Sutskever, Ilya and Hinton, Geoffrey E},
  booktitle={Advances in neural information processing systems},
  pages={1097--1105},
  year={2012}
}

@misc{shewchuk1994introduction,
  title={An introduction to the conjugate gradient method without the agonizing pain},
  author={Shewchuk, Jonathan Richard and others},
  year={1994},
  publisher={Carnegie-Mellon University. Department of Computer Science}
}

@article{more1994line,
  title={Line search algorithms with guaranteed sufficient decrease},
  author={Mor{\'e}, Jorge J and Thuente, David J},
  journal={ACM Transactions on Mathematical Software (TOMS)},
  volume={20},
  number={3},
  pages={286--307},
  year={1994},
  publisher={ACM}
}

@article{shi2005convergence,
  title={Convergence of descent method without line search},
  author={Shi, Zhen-Jun and Shen, Jie},
  journal={Applied Mathematics and Computation},
  volume={167},
  number={1},
  pages={94--107},
  year={2005},
  publisher={Elsevier}
}

@book{bishop2006pattern,
  title={Pattern recognition and machine learning},
  author={Bishop, Christopher M},
  pages={241-245},
  year={2006},
  publisher={springer}
}

@article{goodfellow2016deep,
  title={Deep learning. Book in preparation for MIT Press},
  author={Goodfellow, Ian and Bengio, Yoshua and Courville, Aaron},
  journal={URL!` http://www. deeplearningbook. org},
  pages={204-210},
  year={2016}
}

@article{caudill1989neural,
  title={Neural networks primer, part VIII},
  author={Caudill, Maureen},
  journal={AI Expert},
  volume={4},
  number={8},
  pages={61--67},
  year={1989},
  publisher={Miller Freeman, Inc.}
}

@article{li2015cs231n,
  title={CS231n: Convolutional neural networks for visual recognition},
  author={Li, Fei-Fei and Karpathy, Andrej and Johnson, Justin},
  journal={University Lecture},
  year={2015}
}

@inproceedings{yang2016craft,
  title={Craft objects from images},
  author={Yang, Bin and Yan, Junjie and Lei, Zhen and Li, Stan Z},
  booktitle={Proceedings of the IEEE Conference on Computer Vision and Pattern Recognition},
  pages={6043--6051},
  year={2016}
}

@article{rumelhart1988learning,
  title={Learning representations by back-propagating errors},
  author={Rumelhart, David E and Hinton, Geoffrey E and Williams, Ronald J and others},
  journal={Cognitive modeling},
  volume={5},
  number={3},
  pages={1},
  year={1988}
}

@article{long2008scalable,
  title={Scalable massively parallel artificial neural networks},
  author={Long, Lyle N and Gupta, Ankur},
  journal={Journal of Aerospace Computing, Information, and Communication},
  volume={5},
  number={1},
  pages={3--15},
  year={2008}
}
@article{ioffe2015batch,
  title={Batch normalization: Accelerating deep network training by reducing internal covariate shift},
  author={Ioffe, Sergey and Szegedy, Christian},
  journal={arXiv preprint arXiv:1502.03167},
  year={2015}
}
@article{bengio2013representation,
  title={Representation learning: A review and new perspectives},
  author={Bengio, Yoshua and Courville, Aaron and Vincent, Pascal},
  journal={IEEE transactions on pattern analysis and machine intelligence},
  volume={35},
  number={8},
  pages={1798--1828},
  year={2013},
  publisher={IEEE}
}

@article{lecun2015deep,
  title={Deep learning},
  author={LeCun, Yann and Bengio, Yoshua and Hinton, Geoffrey},
  journal={nature},
  volume={521},
  number={7553},
  pages={436},
  year={2015},
  publisher={Nature Publishing Group}
}

@article{schmidhuber2015deep,
  title={Deep learning in neural networks: An overview},
  author={Schmidhuber, J{\"u}rgen},
  journal={Neural networks},
  volume={61},
  pages={85--117},
  year={2015},
  publisher={Elsevier}
}

@article{bengio2009learning,
  title={Learning deep architectures for AI},
  author={Bengio, Yoshua and others},
  journal={Foundations and trends{\textregistered} in Machine Learning},
  volume={2},
  number={1},
  pages={1--127},
  year={2009},
  publisher={Now Publishers, Inc.}
}

@inproceedings{szegedy2013deep,
  title={Deep neural networks for object detection},
  author={Szegedy, Christian and Toshev, Alexander and Erhan, Dumitru},
  booktitle={Advances in neural information processing systems},
  pages={2553--2561},
  year={2013}
}
@inproceedings{szegedy2016rethinking,
  title={Rethinking the inception architecture for computer vision},
  author={Szegedy, Christian and Vanhoucke, Vincent and Ioffe, Sergey and Shlens, Jon and Wojna, Zbigniew},
  booktitle={Proceedings of the IEEE conference on computer vision and pattern recognition},
  pages={2818--2826},
  year={2016}
}
@article{lecun1989backpropagation,
  title={Backpropagation applied to handwritten zip code recognition},
  author={LeCun, Yann and Boser, Bernhard and Denker, John S and Henderson, Donnie and Howard, Richard E and Hubbard, Wayne and Jackel, Lawrence D},
  journal={Neural computation},
  volume={1},
  number={4},
  pages={541--551},
  year={1989},
  publisher={MIT Press}
}

@article{marr1980theory,
  title={Theory of edge detection},
  author={Marr, David and Hildreth, Ellen},
  journal={Proceedings of the Royal Society of London. Series B. Biological Sciences},
  volume={207},
  number={1167},
  pages={187--217},
  year={1980},
  publisher={The Royal Society London}
}

@article{fukushima1988neocognitron,
  title={Neocognitron: A hierarchical neural network capable of visual pattern recognition},
  author={Fukushima, Kunihiko},
  journal={Neural networks},
  volume={1},
  number={2},
  pages={119--130},
  year={1988},
  publisher={Elsevier}
}

@article{springenberg2014striving,
  title={Striving for simplicity: The all convolutional net},
  author={Springenberg, Jost Tobias and Dosovitskiy, Alexey and Brox, Thomas and Riedmiller, Martin},
  journal={arXiv preprint arXiv:1412.6806},
  year={2014}
}

@article{simonyan2014very,
  title={Very deep convolutional networks for large-scale image recognition},
  author={Simonyan, Karen and Zisserman, Andrew},
  journal={arXiv preprint arXiv:1409.1556},
  year={2014}
}

@inproceedings{ren2015faster,
  title={Faster r-cnn: Towards real-time object detection with region proposal networks},
  author={Ren, Shaoqing and He, Kaiming and Girshick, Ross and Sun, Jian},
  booktitle={Advances in neural information processing systems},
  pages={91--99},
  year={2015}
}

@article{srivastava2014dropout,
  title={Dropout: a simple way to prevent neural networks from overfitting},
  author={Srivastava, Nitish and Hinton, Geoffrey and Krizhevsky, Alex and Sutskever, Ilya and Salakhutdinov, Ruslan},
  journal={The Journal of Machine Learning Research},
  volume={15},
  number={1},
  pages={1929--1958},
  year={2014},
  publisher={JMLR. org}
}


@article{hochreiter1998vanishing,
  title={The vanishing gradient problem during learning recurrent neural nets and problem solutions},
  author={Hochreiter, Sepp},
  journal={International Journal of Uncertainty, Fuzziness and Knowledge-Based Systems},
  volume={6},
  number={02},
  pages={107--116},
  year={1998},
  publisher={World Scientific}
}

@inproceedings{he2016deep,
  title={Deep residual learning for image recognition},
  author={He, Kaiming and Zhang, Xiangyu and Ren, Shaoqing and Sun, Jian},
  booktitle={Proceedings of the IEEE conference on computer vision and pattern recognition},
  pages={770--778},
  year={2016}
}

@inproceedings{szegedy2015going,
  title={Going deeper with convolutions},
  author={Szegedy, Christian and Liu, Wei and Jia, Yangqing and Sermanet, Pierre and Reed, Scott and Anguelov, Dragomir and Erhan, Dumitru and Vanhoucke, Vincent and Rabinovich, Andrew},
  booktitle={Proceedings of the IEEE conference on computer vision and pattern recognition},
  pages={1--9},
  year={2015}
}

@article{zhang2000flexible,
  title={A flexible new technique for camera calibration},
  author={Zhang, Zhengyou},
  journal={IEEE Transactions on pattern analysis and machine intelligence},
  volume={22},
  year={2000}
}

@article{wu2005camera,
  title={Camera calibration with moving one-dimensional objects},
  author={Wu, FC and Hu, ZY and Zhu, HJ},
  journal={Pattern Recognition},
  volume={38},
  number={5},
  pages={755--765},
  year={2005},
  publisher={Elsevier}
}

@inproceedings{bartneck2015robot,
  title={The robot engineâ€”Making the unity 3D game engine work for HRI},
  author={Bartneck, Christoph and Soucy, Marius and Fleuret, Kevin and Sandoval, Eduardo B},
  booktitle={2015 24th IEEE International Symposium on Robot and Human Interactive Communication (RO-MAN)},
  pages={431--437},
  year={2015},
  organization={IEEE}
}

@inproceedings{li2014efficient,
  title={Efficient mini-batch training for stochastic optimization},
  author={Li, Mu and Zhang, Tong and Chen, Yuqiang and Smola, Alexander J},
  booktitle={Proceedings of the 20th ACM SIGKDD international conference on Knowledge discovery and data mining},
  pages={661--670},
  year={2014},
  organization={ACM}
}

@inproceedings{coates2010multi,
  title={Multi-camera object detection for robotics},
  author={Coates, Adam and Ng, Andrew Y},
  booktitle={2010 IEEE International Conference on Robotics and Automation},
  pages={412--419},
  year={2010},
  organization={IEEE}
}

@inproceedings{nair2010rectified,
  title={Rectified linear units improve restricted boltzmann machines},
  author={Nair, Vinod and Hinton, Geoffrey E},
  booktitle={Proceedings of the 27th international conference on machine learning (ICML-10)},
  pages={807--814},
  year={2010}
}

@inproceedings{collet2009object,
  title={Object recognition and full pose registration from a single image for robotic manipulation},
  author={Collet, Alvaro and Berenson, Dmitry and Srinivasa, Siddhartha S and Ferguson, Dave},
  booktitle={2009 IEEE International Conference on Robotics and Automation},
  pages={48--55},
  year={2009},
  organization={IEEE}
}

@article{collet2011moped,
  title={The MOPED framework: Object recognition and pose estimation for manipulation},
  author={Collet, Alvaro and Martinez, Manuel and Srinivasa, Siddhartha S},
  journal={The International Journal of Robotics Research},
  volume={30},
  number={10},
  pages={1284--1306},
  year={2011},
  publisher={SAGE Publications Sage UK: London, England}
}

@inproceedings{collet2010efficient,
  title={Efficient multi-view object recognition and full pose estimation},
  author={Collet, Alvaro and Srinivasa, Siddhartha S},
  booktitle={2010 IEEE International Conference on Robotics and Automation},
  pages={2050--2055},
  year={2010},
  organization={IEEE}
}

@article{ekvall2005object,
  title={Object recognition and pose estimation using color cooccurrence histograms and geometric modeling},
  author={Ekvall, Staffan and Kragic, Danica and Hoffmann, Frank},
  journal={Image and Vision Computing},
  volume={23},
  number={11},
  pages={943--955},
  year={2005},
  publisher={Elsevier}
}


@inproceedings{wunsch1997real,
  title={Real-time visual tracking of 3D objects with dynamic handling of occlusion},
  author={Wunsch, Patrick and Hirzinger, Gerd},
  booktitle={Proceedings of International Conference on Robotics and Automation},
  volume={4},
  pages={2868--2873},
  year={1997},
  organization={IEEE}
}

@incollection{gordon2006and,
  title={What and where: 3D object recognition with accurate pose},
  author={Gordon, Iryna and Lowe, David G},
  booktitle={Toward category-level object recognition},
  pages={67--82},
  year={2006},
  publisher={Springer}
}

@article{duan2012learning,
  title={Learning with augmented features for heterogeneous domain adaptation},
  author={Duan, Lixin and Xu, Dong and Tsang, Ivor},
  journal={arXiv preprint arXiv:1206.4660},
  year={2012}
}

@inproceedings{hoffman2014lsda,
  title={LSDA: Large scale detection through adaptation},
  author={Hoffman, Judy and Guadarrama, Sergio and Tzeng, Eric S and Hu, Ronghang and Donahue, Jeff and Girshick, Ross and Darrell, Trevor and Saenko, Kate},
  booktitle={Advances in Neural Information Processing Systems},
  pages={3536--3544},
  year={2014}
}

@article{hoffman2013efficient,
  title={Efficient learning of domain-invariant image representations},
  author={Hoffman, Judy and Rodner, Erik and Donahue, Jeff and Darrell, Trevor and Saenko, Kate},
  journal={arXiv preprint arXiv:1301.3224},
  year={2013}
}

@inproceedings{kulis2011you,
  title={What you saw is not what you get: Domain adaptation using asymmetric kernel transforms},
  author={Kulis, Brian and Saenko, Kate and Darrell, Trevor},
  booktitle={CVPR 2011},
  pages={1785--1792},
  year={2011},
  organization={IEEE}
}

@article{long2015learning,
  title={Learning transferable features with deep adaptation networks},
  author={Long, Mingsheng and Cao, Yue and Wang, Jianmin and Jordan, Michael I},
  journal={arXiv preprint arXiv:1502.02791},
  year={2015}
}

@article{mansour2009domain,
  title={Domain adaptation: Learning bounds and algorithms},
  author={Mansour, Yishay and Mohri, Mehryar and Rostamizadeh, Afshin},
  journal={arXiv preprint arXiv:0902.3430},
  year={2009}
}

@inproceedings{yang2007cross,
  title={Cross-domain video concept detection using adaptive svms},
  author={Yang, Jun and Yan, Rong and Hauptmann, Alexander G},
  booktitle={Proceedings of the 15th ACM international conference on Multimedia},
  pages={188--197},
  year={2007},
  organization={ACM}
}

@article{li2016revisiting,
  title={Revisiting batch normalization for practical domain adaptation},
  author={Li, Yanghao and Wang, Naiyan and Shi, Jianping and Liu, Jiaying and Hou, Xiaodi},
  journal={arXiv preprint arXiv:1603.04779},
  year={2016}
}

@article{tzeng2014deep,
  title={Deep domain confusion: Maximizing for domain invariance},
  author={Tzeng, Eric and Hoffman, Judy and Zhang, Ning and Saenko, Kate and Darrell, Trevor},
  journal={arXiv preprint arXiv:1412.3474},
  year={2014}
}

@article{taigman2016unsupervised,
  title={Unsupervised cross-domain image generation},
  author={Taigman, Yaniv and Polyak, Adam and Wolf, Lior},
  journal={arXiv preprint arXiv:1611.02200},
  year={2016}
}

@article{gupta2017learning,
  title={Learning invariant feature spaces to transfer skills with reinforcement learning},
  author={Gupta, Abhishek and Devin, Coline and Liu, YuXuan and Abbeel, Pieter and Levine, Sergey},
  journal={arXiv preprint arXiv:1703.02949},
  year={2017}
}

@article{rusu2016progressive,
  title={Progressive neural networks},
  author={Rusu, Andrei A and Rabinowitz, Neil C and Desjardins, Guillaume and Soyer, Hubert and Kirkpatrick, James and Kavukcuoglu, Koray and Pascanu, Razvan and Hadsell, Raia},
  journal={arXiv preprint arXiv:1606.04671},
  year={2016}
}

@inproceedings{planche2017depthsynth,
  title={Depthsynth: Real-time realistic synthetic data generation from cad models for 2.5 d recognition},
  author={Planche, Benjamin and Wu, Ziyan and Ma, Kai and Sun, Shanhui and Kluckner, Stefan and Lehmann, Oliver and Chen, Terrence and Hutter, Andreas and Zakharov, Sergey and Kosch, Harald and others},
  booktitle={2017 International Conference on 3D Vision (3DV)},
  pages={1--10},
  year={2017},
  organization={IEEE}
}

@inproceedings{richter2016playing,
  title={Playing for data: Ground truth from computer games},
  author={Richter, Stephan R and Vineet, Vibhav and Roth, Stefan and Koltun, Vladlen},
  booktitle={European Conference on Computer Vision},
  pages={102--118},
  year={2016},
  organization={Springer}
}

@inproceedings{cutler2015efficient,
  title={Efficient reinforcement learning for robots using informative simulated priors},
  author={Cutler, Mark and How, Jonathan P},
  booktitle={2015 IEEE International Conference on Robotics and Automation (ICRA)},
  pages={2605--2612},
  year={2015},
  organization={IEEE}
}

@inproceedings{kolter2007learning,
  title={Learning omnidirectional path following using dimensionality reduction.},
  author={Kolter, J Zico and Ng, Andrew Y},
  booktitle={Robotics: Science and Systems},
  year={2007}
}

@inproceedings{ghadirzadeh2017deep,
  title={Deep predictive policy training using reinforcement learning},
  author={Ghadirzadeh, Ali and Maki, Atsuto and Kragic, Danica and Bj{\"o}rkman, M{\aa}rten},
  booktitle={2017 IEEE/RSJ International Conference on Intelligent Robots and Systems (IROS)},
  pages={2351--2358},
  year={2017},
  organization={IEEE}
}

@article{rusu2016sim,
  title={Sim-to-real robot learning from pixels with progressive nets},
  author={Rusu, Andrei A and Vecerik, Mel and Roth{\"o}rl, Thomas and Heess, Nicolas and Pascanu, Razvan and Hadsell, Raia},
  journal={arXiv preprint arXiv:1610.04286},
  year={2016}
}

@article{tzeng2015adapting,
  title={Adapting deep visuomotor representations with weak pairwise constraints},
  author={Tzeng, Eric and Devin, Coline and Hoffman, Judy and Finn, Chelsea and Abbeel, Pieter and Levine, Sergey and Saenko, Kate and Darrell, Trevor},
  journal={arXiv preprint arXiv:1511.07111},
  year={2015}
}

@inproceedings{mitash2017self,
  title={A self-supervised learning system for object detection using physics simulation and multi-view pose estimation},
  author={Mitash, Chaitanya and Bekris, Kostas E and Boularias, Abdeslam},
  booktitle={2017 IEEE/RSJ International Conference on Intelligent Robots and Systems (IROS)},
  pages={545--551},
  year={2017},
  organization={IEEE}
}

@inproceedings{abbeel2006using,
  title={Using inaccurate models in reinforcement learning},
  author={Abbeel, Pieter and Quigley, Morgan and Ng, Andrew Y},
  booktitle={Proceedings of the 23rd international conference on Machine learning},
  pages={1--8},
  year={2006},
  organization={ACM}
}

@inproceedings{cutler2014reinforcement,
  title={Reinforcement learning with multi-fidelity simulators},
  author={Cutler, Mark and Walsh, Thomas J and How, Jonathan P},
  booktitle={2014 IEEE International Conference on Robotics and Automation (ICRA)},
  pages={3888--3895},
  year={2014},
  organization={IEEE}
}

@inproceedings{van2010superhuman,
  title={Superhuman performance of surgical tasks by robots using iterative learning from human-guided demonstrations},
  author={Van Den Berg, Jur and Miller, Stephen and Duckworth, Daniel and Hu, Humphrey and Wan, Andrew and Fu, Xiao-Yu and Goldberg, Ken and Abbeel, Pieter},
  booktitle={2010 IEEE International Conference on Robotics and Automation},
  pages={2074--2081},
  year={2010},
  organization={IEEE}
}

@inproceedings{mordatch2015ensemble,
  title={Ensemble-CIO: Full-body dynamic motion planning that transfers to physical humanoids},
  author={Mordatch, Igor and Lowrey, Kendall and Todorov, Emanuel},
  booktitle={2015 IEEE/RSJ International Conference on Intelligent Robots and Systems (IROS)},
  pages={5307--5314},
  year={2015},
  organization={IEEE}
}

@article{antonova2017reinforcement,
  title={Reinforcement learning for pivoting task},
  author={Antonova, Rika and Cruciani, Silvia and Smith, Christian and Kragic, Danica},
  journal={arXiv preprint arXiv:1703.00472},
  year={2017}
}

@inproceedings{yosinski2014transferable,
  title={How transferable are features in deep neural networks?},
  author={Yosinski, Jason and Clune, Jeff and Bengio, Yoshua and Lipson, Hod},
  booktitle={Advances in neural information processing systems},
  pages={3320--3328},
  year={2014}
}

@article{yu2017preparing,
  title={Preparing for the unknown: Learning a universal policy with online system identification},
  author={Yu, Wenhao and Tan, Jie and Liu, C Karen and Turk, Greg},
  journal={arXiv preprint arXiv:1702.02453},
  year={2017}
}

@article{rajeswaran2016epopt,
  title={Epopt: Learning robust neural network policies using model ensembles},
  author={Rajeswaran, Aravind and Ghotra, Sarvjeet and Ravindran, Balaraman and Levine, Sergey},
  journal={arXiv preprint arXiv:1610.01283},
  year={2016}
}

@article{nevatia1977description,
  title={Description and recognition of curved objects},
  author={Nevatia, Ramakant and Binford, Thomas O},
  journal={Artificial intelligence},
  volume={8},
  number={1},
  pages={77--98},
  year={1977},
  publisher={Elsevier}
}

@article{lowe1987three,
  title={Three-dimensional object recognition from single two-dimensional images},
  author={Lowe, David G},
  journal={Artificial intelligence},
  volume={31},
  number={3},
  pages={355--395},
  year={1987},
  publisher={Elsevier}
}

@inproceedings{movshovitz2016useful,
  title={How useful is photo-realistic rendering for visual learning?},
  author={Movshovitz-Attias, Yair and Kanade, Takeo and Sheikh, Yaser},
  booktitle={European Conference on Computer Vision},
  pages={202--217},
  year={2016},
  organization={Springer}
}

@inproceedings{su2015render,
  title={Render for cnn: Viewpoint estimation in images using cnns trained with rendered 3d model views},
  author={Su, Hao and Qi, Charles R and Li, Yangyan and Guibas, Leonidas J},
  booktitle={Proceedings of the IEEE International Conference on Computer Vision},
  pages={2686--2694},
  year={2015}
}

@inproceedings{sun2014virtual,
  title={From Virtual to Reality: Fast Adaptation of Virtual Object Detectors to Real Domains.},
  author={Sun, Baochen and Saenko, Kate},
  booktitle={BMVC},
  volume={1},
  pages={3},
  year={2014}
}

@inproceedings{peng2015learning,
  title={Learning deep object detectors from 3d models},
  author={Peng, Xingchao and Sun, Baochen and Ali, Karim and Saenko, Kate},
  booktitle={Proceedings of the IEEE International Conference on Computer Vision},
  pages={1278--1286},
  year={2015}
}

@inproceedings{tobin2017domain,
  title={Domain randomization for transferring deep neural networks from simulation to the real world},
  author={Tobin, Josh and Fong, Rachel and Ray, Alex and Schneider, Jonas and Zaremba, Wojciech and Abbeel, Pieter},
  booktitle={2017 IEEE/RSJ International Conference on Intelligent Robots and Systems (IROS)},
  pages={23--30},
  year={2017},
  organization={IEEE}
}

@article{sadeghi2016cad2rl,
  title={Cad2rl: Real single-image flight without a single real image},
  author={Sadeghi, Fereshteh and Levine, Sergey},
  journal={arXiv preprint arXiv:1611.04201},
  year={2016}
}

@article{james20163d,
  title={3d simulation for robot arm control with deep q-learning},
  author={James, Stephen and Johns, Edward},
  journal={arXiv preprint arXiv:1609.03759},
  year={2016}
}

@article{canziani2016analysis,
  title={An analysis of deep neural network models for practical applications},
  author={Canziani, Alfredo and Paszke, Adam and Culurciello, Eugenio},
  journal={arXiv preprint arXiv:1605.07678},
  year={2016}
}

@article{sucan2013moveit,
  title={Moveit!},
  author={Sucan, Ioan A and Chitta, Sachin},
  journal={Online at http://moveit. ros. org},
  year={2013}
}

@article{lecun2015yoshua,
  title={Yoshua Bengio, and Geoffrey Hinton},
  author={LeCun, Yann},
  journal={Deep learning. nature},
  volume={521},
  number={7553},
  pages={436--444},
  year={2015}
}


@inproceedings{tang2012textured,
  title={A textured object recognition pipeline for color and depth image data},
  author={Tang, Jie and Miller, Stephen and Singh, Arjun and Abbeel, Pieter},
  booktitle={2012 IEEE International Conference on Robotics and Automation},
  pages={3467--3474},
  year={2012},
  organization={IEEE}
}

@article{mnih2015human,
  title={Human-level control through deep reinforcement learning},
  author={Mnih, Volodymyr and Kavukcuoglu, Koray and Silver, David and Rusu, Andrei A and Veness, Joel and Bellemare, Marc G and Graves, Alex and Riedmiller, Martin and Fidjeland, Andreas K and Ostrovski, Georg and others},
  journal={Nature},
  volume={518},
  number={7540},
  pages={529},
  year={2015},
  publisher={Nature Publishing Group}
}

@article{levine2016end,
  title={End-to-end training of deep visuomotor policies},
  author={Levine, Sergey and Finn, Chelsea and Darrell, Trevor and Abbeel, Pieter},
  journal={The Journal of Machine Learning Research},
  volume={17},
  number={1},
  pages={1334--1373},
  year={2016},
  publisher={JMLR. org}
}

